<record><leader>00000cas a2200000 a 4500</leader><controlfield tag="001">8810786</controlfield><controlfield tag="008">820927d19371946caudn ne      0   a0eng  </controlfield><datafield ind1=" " ind2=" " tag="010"><subfield code="a">sn 82015444 </subfield></datafield><datafield ind1=" " ind2=" " tag="040"><subfield code="a">DLC</subfield><subfield code="b">eng</subfield><subfield code="c">DLC</subfield><subfield code="d">CNK</subfield><subfield code="d">OCLCO</subfield><subfield code="d">OCLCQ</subfield><subfield code="d">OCLCF</subfield></datafield><datafield ind1="1" ind2=" " tag="029"><subfield code="a">AU@</subfield><subfield code="b">000020334703</subfield></datafield><datafield ind1=" " ind2=" " tag="042"><subfield code="a">pcc</subfield></datafield><datafield ind1=" " ind2=" " tag="043"><subfield code="a">n-us-ca</subfield></datafield><datafield ind1="0" ind2="0" tag="050"><subfield code="a">Newspaper 7114-X</subfield></datafield><datafield ind1="0" ind2="0" tag="245"><subfield code="a">Monrovia daily news-post.</subfield></datafield><datafield ind1=" " ind2=" " tag="260"><subfield code="a">Monrovia, Calif. :</subfield><subfield code="b">[s.n.]</subfield></datafield><datafield ind1=" " ind2=" " tag="300"><subfield code="a">v. :</subfield><subfield code="b">ill. ;</subfield><subfield code="c">55 cm.</subfield></datafield><datafield ind1=" " ind2=" " tag="310"><subfield code="a">Daily (except Sun.)</subfield></datafield><datafield ind1="0" ind2=" " tag="362"><subfield code="a">Vol. 29, no. 99 (Dec. 24, 1937)-v. 38, no. 101 (Dec. 30, 1946).</subfield></datafield><datafield ind1=" " ind2=" " tag="500"><subfield code="a">Special issue entitled "First 100 Years" of the San Gabriel Valley published May 9, 1941.</subfield></datafield><datafield ind1=" " ind2=" " tag="500"><subfield code="a">Special "Honor roll edition" published May 22, 1943.</subfield></datafield><datafield ind1=" " ind2=" " tag="530"><subfield code="a">Also issued on microfilm from Data Microfilm Corp.; Microfilming Corp. of America.</subfield></datafield><datafield ind1=" " ind2=" " tag="530"><subfield code="a">Master negatives are available for duplication from:</subfield><subfield code="b">California Newspaper Microfilm Archive;</subfield><subfield code="c">positive copies may be purchased by the reel; for further information consult the CNMA at:</subfield><subfield code="u">http://cbsr.ucr.edu</subfield></datafield><datafield ind1=" " ind2="0" tag="651"><subfield code="a">Monrovia (Calif.)</subfield><subfield code="v">Newspapers.</subfield></datafield><datafield ind1=" " ind2="7" tag="655"><subfield code="a">Newspapers.</subfield><subfield code="2">fast</subfield><subfield code="0">(OCoLC)fst01423814</subfield></datafield><datafield ind1=" " ind2="7" tag="651"><subfield code="a">California</subfield><subfield code="z">Monrovia.</subfield><subfield code="2">fast</subfield><subfield code="0">(OCoLC)fst01226502</subfield></datafield><datafield ind1=" " ind2=" " tag="752"><subfield code="a">United States</subfield><subfield code="b">California</subfield><subfield code="c">Los Angeles</subfield><subfield code="d">Monrovia.</subfield></datafield><datafield ind1="0" ind2="0" tag="780"><subfield code="a">Monrovia news-post (Monrovia, Calif. : 1929)</subfield><subfield code="w">(DLC)sn2002060325</subfield></datafield><datafield ind1="0" ind2="0" tag="785"><subfield code="a">Monrovia news-post (Monrovia, Calif. : 1946)</subfield><subfield code="w">(DLC)sn2002060326</subfield></datafield></record>